@article{cox1972regression,
  title={Regression models and life-tables},
  author={Cox, David Roxbee},
  journal={Journal of the Royal Statistical Society: Series B (Methodological)},
  volume={34},
  number={2},
  pages={187--202},
  year={1972},
  publisher={Wiley Online Library}
}

@article{austin2016variable,
  title={Variable selection for propensity score models},
  author={Austin, Peter C},
  journal={Health services research},
  volume={51},
  number={5},
  pages={1630--1649},
  year={2016},
  publisher={Wiley Online Library}
}


@article{aalen1989linear,
  title={A linear regression model for the analysis of life times},
  author={Aalen, Odd O},
  journal={Statistics in Medicine},
  volume={8},
  number={8},
  pages={ 907--925},
  year={1989},
  publisher={Wiley Online Library}
}


@article{neyman1923application,
  title={On the application of probability theory to agricultural experiments: Essay on principles. Section 9},
  author={Neyman, Jerzy},
  journal={Statistical Science},
  volume={5},
  number={4},
  pages={465--472},
  year={1990},
  publisher={Institute of Mathematical Statistics}
}


@incollection{rubin1985propensity,
  title={The Use of Propensity Scores in Applied Bayesian Inference},
  author={Rubin, Donald B.},
  booktitle={Bayesian Statistics 2},
  pages={463--472},
  publisher={North-Holland/Elsevier},
  address={Amsterdam; New York},
  year={1985}
}


@article{robins1992recovery,
  title={Recovery of information and adjustment for dependent censoring using surrogate markers},
  author={Robins, James M and Finkelstein, David M},
  journal={Journal of the American Statistical Association},
  volume={87},
  number={418},
  pages={402--411},
  year={1992},
  publisher={Taylor \& Francis}
}

@article{hernan2000marginal,
  title={Marginal structural models to estimate the causal effect of zidovudine on the survival of HIV-positive men},
  author={Hern{\'a}n, Miguel A and Brumback, Babette and Robins, James M},
  journal={Epidemiology},
  pages={561--570},
  year={2000},
  publisher={JSTOR}
}

@article{van2007super,
  title={Super learning},
  author={van der Laan, Mark J. and Polley, Eric C. and Hubbard, Alan E.},
  journal={Statistical Applications in Genetics and Molecular Biology},
  volume={6},
  pages={Article25},
  year={2007},
  publisher={De Gruyter},
  doi={10.2202/1544-6115.1309}
}


@article{xu2017bayesian,
  title={Bayesian nonparametric modeling of survival data using Gaussian processes},
  author={Xu, Yawen and Reich, Brian J and Ghosal, Subhashis},
  journal={Biometrics},
  volume={73},
  number={2},
  pages={707--715},
  year={2017},
  publisher={Wiley Online Library}
}

@article{kim2013bayesian,
  title={Bayesian nonparametric analysis of competing risks data with missing cause of failure},
  author={Kim, Jae Kwang and DeYoreo, Maria and Meza, Raul},
  journal={Journal of the American Statistical Association},
  volume={108},
  number={504},
  pages={1762--1771},
  year={2013},
  publisher={Taylor \& Francis}
}

@article{hill2011bayesian,
  title={Bayesian nonparametric modeling for causal inference},
  author={Hill, Jennifer L},
  journal={Journal of Computational and Graphical Statistics},
  volume={20},
  number={1},
  pages={217--240},
  year={2011},
  publisher={Taylor \& Francis}
}


@article{sparapani2016nonparametric,
  title={Nonparametric survival analysis using Bayesian additive regression trees (BART)},
  author={Sparapani, Rodney A and Logan, Brent R and McCulloch, Robert E and Laud, Purushottam W},
  journal={Statistics in Medicine},
  volume={35},
  number={16},
  pages={2741--2753},
  year={2016},
  publisher={Wiley Online Library}
}



@article{cai2011partially,
  title={Partially linear hazard regression for multivariate survival data},
  author={Cai, Tianxi and Cheng, Sen and Wei, L J},
  journal={Journal of the American Statistical Association},
  volume={106},
  number={493},
  pages={1166--1175},
  year={2011},
  publisher={Taylor \& Francis}
}

@article{zhu2017bayesian,
  title={Bayesian nonparametric models for high-dimensional survival data},
  author={Zhu, Rongwei and Dunson, David B and Ibrahim, Joseph G},
  journal={Biometrics},
  volume={73},
  number={4},
  pages={1089--1099},
  year={2017},
  publisher={Wiley Online Library}
}

@book{banerjee2014hierarchical,
  title={Hierarchical Modeling and Analysis for Spatial Data},
  author={Banerjee, Sudipto and Carlin, Bradley P and Gelfand, Alan E},
  year={2014},
  publisher={Chapman and Hall/CRC}
}


@article{lee2017spatial,
  title={Spatial multivariate survival analysis for regional cancer data},
  author={Lee, Duncan and Concato, John and Schmaltz, Helen and Forrester, Laurie and Gill, Thomas M},
  journal={Journal of the American Statistical Association},
  volume={112},
  number={517},
  pages={183--197},
  year={2017},
  publisher={Taylor \& Francis}
}

@article{maity2012analysis,
  title={Analysis of survival data with spatially correlated survival times: A Bayesian approach},
  author={Maity, Arnab and Carroll, Raymond J and Sinha, Debashis},
  journal={Biometrics},
  volume={68},
  number={2},
  pages={305--315},
  year={2012},
  publisher={Wiley Online Library}
}

@article{papadogeorgou2019causal,
  title={Causal inference in the presence of spatial confounding: A case study of air pollution and mortality},
  author={Papadogeorgou, Georgia and Zigler, Corwin M},
  journal={Journal of the Royal Statistical Society: Series C (Applied Statistics)},
  volume={68},
  number={3},
  pages={837--856},
  year={2019},
  publisher={Wiley Online Library}
}


@article{zigler2013model,
  title={Model feedback in Bayesian propensity score estimation},
  author={Zigler, Corwin M. and Watts, Kristen and Yeh, Robert W. and Wang, Yun and Coull, Brent A. and Dominici, Francesca},
  journal={Biometrics},
  volume={69},
  number={1},
  pages={263--273},
  year={2013},
  publisher={Wiley Online Library},
  doi={10.1111/j.1541-0420.2012.01830.x}
}

@Article{Aalen94,
   author =   {Aalen, O.O. },
   title =    {Effects of frailty in survival analysis.},
   journal =      {Statistical Methods in Medical Research},
   year =     {1994},
   volume =   {3(3)},
   pages =    {227–243},
 }

@article{BCDisparity,
author = {Jato, I.  and Sung, H.  and Jemal, H. },
title = {The Emergence of the Racial Disparity in U.S. Breast-Cancer Mortality},
journal = {New England Journal of Medicine},
volume = {386},
number = {25},
pages = {2349-2352},
year = {2022}}

@article{Sargent,
    author = {Sargent, D.J.},
    title = {A General Framework for Random Effects Survival Analysis in the Cox Proportional Hazards Setting},
    journal = {Biometrics},
    year = {1998},
volume = {54},
pages = {1486-1497}
}




@online{ACS22,
  author = {American Cancer Society},
  title = {Cancer Disparities in the Black Community},
  year = 2022,
  url = {https://www.cancer.org/about-us/what-we-do/health-equity/cancer-disparities-in-the-black-community.html},
  }


 
 @article{Adams11,
   author =   {Adams, R.P. and Murray, I. and Mackay, D.J.},
   title =    {Tractable nonparametric Bayesian inference in Poisson processes with Gaussian process intensities},
   journal =    {Proceedings of the 26th International Conference on Machine Learning (ICML)},
   year =     {2011}, }


@Article{Arbia,
author = {Giuseppe Arbia and Giuseppe Espa and Diego Giuliani and Rocco Micciolo},
title = {A spatial analysis of health and pharmaceutical firm survival},
journal = {Journal of Applied Statistics},
volume = {44},
number = {9},
pages = {1560-1575},
year  = {2017}}



@Article{Albert88,
   author =   {Albert, J.H., and Chib S.},
   title =    {Bayesian analysis of binary and polychotomous response data.},
   journal =      {Journal of the American Statistical Association},
   year =     {1988},
   volume =   {422},
   pages =    {669-679},
 }


@Article{Aysegul22,
   author =   {Aysegul, Y., and Sigirli, D.},
   title =    {Comparison of tree-based methods used in survival data},
   journal =      {Główny Urząd Statystyczny},
   year =     {2022},
   
 }


@Article{Barbash10,
   author =   {Barbash, G.~I., and Glied, S. A.},
   title =    {New Technology and Health Care Costs — The Case of Robot-Assisted Surgery},
   journal =      {New England Journal of Medicine},
   year =     {2010},
   volume =   {363: 8},
   pages =    {701-704},
 }



@Article{Basak21,
   author ={Basak, P. and Linero,A. and Sinha,D. and Lipsitz,S.},
   title = {Semiparametric analysis of clustered interval-censored survival data using soft Bayesian additive regression trees (SBART)},
   journal =      {Biometrics},
   year =     {2022},
   volume =   {78:3},
   pages =    {880-893},
 }






@Article{Besag74,
   author =   {Besag, J.},
   title =    {Spatial Interaction and the Statistical Analysis of Lattice Systems},
   journal =      {Journal of the Royal Statistical Society. Series B (Methodological)},
   year =     {1974},
   volume =   {36},
   pages =    {192-236},
 }


@Article{Bonato11,
   author =   {Bonato, V. and  Baladandayuthapani, V. and Broom, M. B. and Sulman, E. P. and Aldape, K. D. and Do, K., A. },
   title =    {Bayesian ensemble methods for survival prediction in gene expression data},
   journal =      {Bioinformatics},
   year =     {2011},
   volume =   {27: 3},
   pages =    {359-367},
 }




@Article{Calhoun18,
   author =   {Calhoun, P. and Su, X. and Nunn, M., and Fan, J.},
   title =    {Constructing multivariate survival trees: The MST package for R.},
   journal =      {Journal of Statistical Software},
   year =     {2018},
   volume =   {83},
   pages =    {1-21},
 }






@Article{Chipman02,
   author =   {Chipman, H. A. and George, E. I. and McCulloch, R. E.},
   title =    {Bayesian treed models},
   journal =      {Machine Learning},
   year =     {2002},
   volume =   {48},
   pages =    {299--320},
 }




@Article{Chipman10,
   author =   {Chipman, H. and George, E.I.   and McCulloch, R.},
   title =    {BART: Bayesian additive regression trees },
   journal =      {The Annals of Applied Statistics},
   year =     {2010},
   volume =   {4},
   pages =    {266--298},
 }

 



@Article{Conkin92,
   author =   {Conkin, J. and Bedahl, SR and van Liew HD.},
   title =    { A computerized data bank of decompression sickness incidence in altitude chambers. },
   journal =      {Aviation, Space and Environmental Medicine},
   year =     {1992},
   volume =   {63},
   pages =    {819--824},
 }






@Article{Conkin01,
   author =   {Conkin, J. and Powell, M.},
   title =    {  Lower body adynamia as a factor to reduce the risk of hypobaric decompression sickness. },
   journal =      {Aviation, Space and Environmental Medicine},
   year =     {2001},
   volume =   {72},
   pages =    {202--214},
 }



@Book{H1,
   author =   {Hougaard, P. },
   title =    {Analysis of Multivariate Survival Data},
   publisher =    {Springer},
   year =     {2000},
}









@inbook{Dabrowska,
author = {Dabrowska, Dorota M.},
publisher = {John Wiley & Sons, Ltd},
isbn = {9781118445112},
title = {Multivariate Survival Analysis},
booktitle = {Wiley StatsRef: Statistics Reference Online},
chapter = {},
pages = {1-12},
url = {https://onlinelibrary.wiley.com/doi/abs/10.1002/9781118445112.stat06044.pub2},
year = {2015} }




 @Article{Deshpande03,
   author =   { Deshpande, S.K. and Bai, R. and Balocchi, C., and Starling, J.E. (2003).},
   title =    { VC-BART: Bayesian trees for varying coefficients },
   journal =      {arXiv preprint},
   year =     {2003},
   volume =   {2003.06416}
   
 }

     



@Article{Du19,
   author =   {Du, J. and Linero, A.R.},
   title =    { Incorporating Grouping Information into Bayesian Decision Tree Ensembles. },
   journal =      {Proceedings of the 36th International
Conference on Machine Learning (ICML)},
   year =     {2019},
   pages =    {1686--1695.},
 }




@Article{Duane87,
   author =   {Duane, S. and Kennedy, A.D. and Pendleton, B. ,J and Roweth, D.},
   title =    {Hybrid Monte Carlo},
   journal =      {Physics Letters B},
   year =     {1987},
   pages =    {216-222},
   
 }
      




@Article{Dreyer06,
   author =   {Dreyer, G. and Addiss, D. and Williamson, J. and Noroes, J. },
   title =    { Efficacy of co-administered diethylcarbamazine and albendazole against adult Wuchereria bancrofti },
   journal =      {ransactions of the Royal Society of Tropical Medicine and Hygiene},
   year =     {2006},
   volume =   {100},
   pages =    {1118–1125},
 }






@Article{Fernandez16,
   author =   {Fernandez, T. and Rivera, N. and Teh, Y. W.},
   title =    { Gaussian processes for survival analysis.  },
   journal =      {Proceedings of the 30th International Conference on Neural Information Processing Systems},
   year =     {2016},
   volume =   {16},
   pages =    {5021–-5029},
 }








@Article{Friedman91,
   author =   {Friedman, J.},
   title =    { Multivariate adaptive regression splines.  },
   journal =      {Annals of Statistics},
   year =     {1991},
   volume =   {19},
   pages =    {1--141},
 }



@Article{Goethals09,
   author =   {Goethals, K. and Ampe, B. and Berkvens, D. and Laevens, H. and Janssen, P. and Duchateau, L. },
   title =    {  Modeling interval-censored, clustered cow udder quarter infection times through the shared gamma frailty model.  },
   journal =      {Journal of Agricultural, Biological and Environmental Statistics},
   year =     {2009},
   volume =   {14},
   pages =    {1--14},
 }




@Article{Hahn20,
   author =   {Hahn, P.R. and Murray, J.S., and Carvalho, C. M.},
   title =    { Bayesian regression tree models for causal inference: regularization, confounding, and heterogeneous effects. },
   journal =      {Bayesian Analysis},
   year =     {2020}
 }



@Article{Hanson07,
   author =   {Hanson, T. and Yang, M. },
   title =    { Bayesian Semiparametric Proportional Odds Models },
   journal =      {Biometrics},
   year =     {2007},
   volume =   {63},
   pages =    {88--95},
 }



 



@Article{Henschel09,
   author =   {Henschel, V. and Engel, J., Hölzel and D. et al.},
   title =    { A semiparametric Bayesian proportional hazards model for interval censored data with frailty effects.  },
   journal =      {BMC Med Res Methodol},
   year =     {2009},
   volume =   {9},
   pages =    {1--141},
 }

 



@Article{Hill20,
   author =   {Hill, J. and Linero, A.R., and Murray, J.S.},
   title =    { Bayesian additive regression trees: a review and look forward  },
   journal =      {Annual Review of Statistics and Its Application},
   year =     {2020},
   volume =   {7:1},
   pages =    {251--278},
 }
      


@Article{Hothorn04,
   author =   {Hothorn, T. and Lausen, B. and Benner, A.},
   title =    { Bagging survival trees  },
   journal =      {Statistics in Medicine},
   year =     {2004},
   volume =   {23(1)},
   pages =    {77--91},
 }


 


@Article{Hougaard95,
   author =   {Hougaard, P.},
   title =    { Frailty models for survival data. },
   journal =      {Lifetime Data Analysis},
   year =     {1995},
   volume =   {1(3)},
   pages =    {255--273},
 }


@Book{Book1,
   author =   {Ibrahim, J.G. and Chen, M.H. and Sinha, D.},
   title =    {Bayesian Survival Analysis},
   publisher =    {Springer},
   year =     {2001},
}


@Article{Ibrahim12,
   author =   {Ibrahim, R. and L’Ecuyer, P. and Regnard, N. and Shen, H.},
   title =    { On the modeling
and forecasting of call center arrivals  },
   journal =      {Inter Simulation
Conference, Berlin},
   year =     {2012},

   pages =    {256--267},
 }


@Article{Ishwaran08,
   author =   {Ishwaran, H. and Kogalur, U. B. and Blackstone, E. H. and Lauer, M. S.},
   title =    { Random survival forests  },
   journal =      {Annals of Applied Statistics},
   year =     {2008},
   volume =   {2(3)},
   pages =    {841--860},
 }


@Article{Iorio09,
   author =   {De Iorio, M. and Johnson, W.O. and Muller, P., and Rosner, G.L. },
   title =    { Bayesian nonparametric
nonproportional hazards survival modeling.},
   journal =      {Biometrics},
   year =     {2009},
   volume =   {65},
   pages =    {762--771},
 }




 
 @Article{Jatoi22,
   author =   {Jatoi, I. and Sung, H. and Jemal, A.},
   title =    {The Emergence of the Racial Disparity in U.S. Breast-Cancer Mortality},
   publisher =    {The NEW ENGLAND JOURNAL of MEDICINE},
   year =     {2022},
 }


@Book{Kalbfleisch02,
   author =   {Kalbfleisch, J. D and Prentice, R. L.},
   title =    { The Statistical Analysis of Failure Time Data, Second Edition.  },
   publisher =      {John Wiley \& Sons},
   year =     {2002}
 }

 


@Article{Kooperberg97,
   author =   {Kooperberg, C. and Clarkson, D.B.},
   title =    { Hazard regression with interval censored data  },
   journal =      {Biometrics},
   year =     {1997},
   volume =   {53},
   pages =    {1485--1494},
 }



@Article{Li05,
   author =   {Li, H. and Luan, Y.},
   title =    { Boosting proportional hazards models using smoothing splines, with applications to high-dimensional microarray data.  },
   journal =      {Bioinformatics},
   year =     {2005},
   volume =   {21(10)},
   pages =    {2403-–2409},
 }

 @Article{Li02,
   author =   {Li, Y. and  Ryan, L.},
   title =    { Modeling Spatial Survival Data Using Semiparametric Frailty Models.  },
   journal =      {Biometrics},
   year =     {2002},
   volume =   {58(2)},
   pages =    {287—297},
 }
 



@Article{Li22,
   author =   {Li, Y. and Linero, A.R. and Murray, J.S.},
   title =    { Adaptive Conditional Distribution Estimation with Bayesian Decision Tree Ensembles.  },
   journal =      {arXiv e-prints},
   year =     {2022},
 }

 
@Article{Lin97,
   author =   {Lin, D.Y. and Ying, Z.},
   title =    { Additive regression models for survival data  },
   journal =      {Proceedings of the First Seattle Symposium in Biostatistics: Survival Analysis.},
   year =     {1997},

   pages =    {185-198},
 }

@Article{Lawson, 
author= {Onicescu, G. and  Lawson A and Zhang J and Gebregziabher M and Wallace K and Eberth JM.},
title= {Spatially explicit survival modeling for small area cancer data},
journal= {J Appl Statistics},
year= {2018},
volume= {45(3)},
pages= {568-585}}
 

@article{LinMarginal,
author = {Lin, J. S.   and    Wei,  L. J. },
title = {Linear Regression Analysis for Multivariate Failure Time Observations},
journal = {Journal of the American Statistical Association},
volume = {87},
number = {420},
pages = {1091-1097},
year  = {1992} }




@Article{Linero17,
   author =   {Linero, A. R.},
   title =    {  A review of tree-based Bayesian methods.  },
   journal =      {Communications for Statistical Applications and Methods},
   year =     {2017},
   volume =   {24(6)},
   pages =    {543--559},
 }

 


@Article{Linero18_1,
   author =   {Linero, A.R. },
   title =    { Bayesian regression tree ensembles that adapt to smoothness and sparsity.  },
   journal =      {Journal of the American Statistical Association},
   year =     {2018},
   volume =   {113(522)},
   pages =    {626--636},
 }

 

@Article{Linero21,
   author =   { Linero, A.R. and Basak, P. and Li, Y. and Sinha, D.},
   title =    { Bayesian Survival Tree Ensembles with Submodel Shrinkage.  },
   journal =      {arXiv e-prints},
   year =     {2021}
 }

 

@Article{Linero20,
   author =   {Linero, A. R. and Sinha, D., and Lipsitz, S. R.},
   title =    { Semiparametric mixed‐scale models using shared Bayesian forests  },
   journal =      {Biometrics},
   year =     {2020},
   volume =   {76(1)},
   pages =    {131--144.},
 }

 @Article{Linero22,
   author =   {Linero, A. R.},
   title =    { Package ‘SoftBart’  },
   journal =      {arXib},
   year =     {2022},
   
 }

 

@Article{Linero18,
   author =   {Linero, A. R. and Yang, Y.},
   title =    { Bayesian regression tree ensembles that adapt to smoothness and sparsity  },
   journal =      {Journal of the Royal Statistical Society. Series B: Statistical Methodology},
   year =     {2018},
   volume =   {80:5},
   pages =    {1087--1110},
 }


@Article{Luo14,
   author =   {Luo, C. and Daniels, M.J.},
   title =    { Variable Selection Using Bayesian Additive Regression Trees },
   journal =      {Statistical Science},
   year =     {2014},
   volume =   {39:2},
   pages =    {286--304},
 }





@Book{Little87,
   author =   {Little, R. J. A., and Rubin, D. B.},
   title =    { Statistical analysis with missing data   },
   publisher =      {New York: John Wiley \& Sons},
   year =     {1987}
 }

 


@Article{Mallick99,
   author =   {Mallick, B.K. and Denison, D.G.T. and Smith, A.F.M.},
   title =    { Bayesian survival analysis using a MARS model. },
   journal =      {Biometrics},
   year =     {1999},
   volume =   {55},
   pages =    {1071--1077},
 }

 


@Article{Murray17,
   author =   {Murray, J. S.},
   title =    { Log-linear Bayesian additive regression trees for categorical and count responses. },
   journal =      {arXiv preprint},
   year =     {2017},
   volume =   {1701.01503}
 }

 .

@Article{Neal03,
   author =   {Neal, R. M.},
   title =    {Slice sampling},
   journal =      {The Annals of Statistics},
   year =     {2003},
   pages =    {705--767},
 }
 
@Article{Oakes82,
   author =   {Oakes, D. R.},
   title =    { A model for association in bivariate survival data. },
   journal =      {Journal of the Royal
 Statistical Society, Series B},
   year =     {1982},
   volume =   {44},
   pages =    {414--428},
 }
 


@Article{Pratola17,
   author =   {Pratola, M. and Chipman, H.and George, E. and McCulloch, R.},
   title =    {Heteroscedastic BART using multiplicative regression trees.  },
   journal =      {arXiv preprint},
   year =     {2017},
   
   pages =    {1709.07542},
 }

 


@Article{Sinha99,
   author =   {Sinha, D., and Chen, M-H., and 
Ghosh, S. },
   title =    { Bayesian Analysis and Model Selection for Interval-Censored Survival Data.  },
   journal =      {Biometrics},
   year =     {1999},
   volume =   {55},
   pages =    {585–-590},
 }

 


@Article{Sparapani16,
   author =   { Sparapani, R. and Logan, B. R. and McCulloch, R. E. and Laud, P. W.},
   title =    { Nonparametric survival analysis using Bayesian Additive Regression Trees (BART). },
   journal =      {Statistics in medicine},
   year =     {2016},
  
 }

 


@Article{Su05,
   author =   { Su, X. and Tsai, C.-L.},
   title =    { Tree-augmented Cox proportional hazards models.  },
   journal =      {Biostatistics},
   year =     {2005},
   volume =   {6},
   pages =    {486--499.},
 }

 

@Article{Su08,
   author =   {Su, X. and Zhou, T. and Yan, X., and Fan, J. },
   title =    { Interaction trees with censored survival data. },
   journal =      {International Journal of Biostatistics},
   year =     {2008},
   volume =   {4},
   pages =    {1--26},
 }

 


@Book{Sun06,
   author =   {Sun, J. },
   title =    { The Statistical Analysis of Interval-Censored
      Failure Time Data.  },
   publisher =      {Springer-Varlag},
   year =     {2006},
   
 }

 


@Article{Umlauf15,
   author =   {Umlauf, N. and Adler, D. and Kneib, T. and Lang, S. and Zeileis, A.},
   title =    { Structured additive regression models: An R interface to BayesX. },
   journal =      {Journal of Statistical Software},
   year =     {2015},
   volume =   {63},
   pages =    {1--46},
 }



@Article{Zhou18,
   author =   {Zhou, H. and Hanson, T. },
   title =    { A unified framework for fitting Bayesian semiparametric models to arbitrarily censored survival data, including spatially-referenced data.  },
   journal =      {Journal of the American Statistical Association},
   year =     {2018},
   volume =   {113},
   pages =    {571--581},
 }

 


@Article{Zhou20,
   author =   {Zhou, H. and Hanson, T. and Zhang, J.},
   title =    { spBayesSurv: Fitting Bayesian spatial survival
models using R.   },
   journal =      {Journal of Statistical Softwares},
   year =     {2020},
   volume =   {92},
   pages =    {1--33},
 }

 







@Article{Zhou17,
   author =   {Zhou, H. and Hanson, T. and Zhang, J. },
   title =    { Generalized accelerated failure time spatial frailty model for arbitrarily censored data. },
   journal =      {Lifetime Data Analysis},
   year =     {2017},
   volume =   {23},
   pages =    {495--515},
 }


@Article{Balan,
   author =   {Balan, T, A. and Putter, H},
   title =    { A tutorial on frailty models},
   journal =      {Statistical Methods in Medical Research},
   year =     {2020},
   volume =   {23},
   pages =    {495--515},
 }



@Article{Cox72,
   author =   {Cox,D.R.},
   title =    { Regression Models and Life-Tables},
   journal =      {Journal of the Royal Statistical Society. Series B (Methodological)},
   year =     {1972},
   volume =   {34},
   pages =    {187-220},
 }



@Article{Banerjee16,
   author =   {Banerjee, S},
   title =    {Spatial Data Analysis},
   journal =      {Annual Review of Public Health},
   year =     {2016},
   
 }

@Inbook{Taylor2015,
author="Taylor, Benjamin",
editor="Shekhar, Shashi
and Xiong, Hui
and Zhou, Xun",
title="Spatial Survival Analysis",
bookTitle="Encyclopedia of GIS",
year="2015",
publisher="Springer International Publishing",
pages="1--9"
}

@article{CoxMissing2010,
author = {Garcia, Ramon I. and Ibrahim, Joseph G. and Zhu, Hongtu},
title = {Variable Selection in the Cox Regression Model with Covariates Missing at Random},
journal = {Biometrics},
volume = {66},
number = {1},
pages = {97-104},
year = {2010}
}

@article{MissingChen2002,
author = {Hua Yun Chen},
title = {Double-Semiparametric Method for Missing Covariates in Cox Regression Models},
journal = {Journal of the American Statistical Association},
volume = {97},
number = {458},
pages = {565-576},
year  = {2002}}

@article{Missing2022,
author = {Thiessen, David Luke and Zhao, Yang and Tu, Dongsheng},
title = {Unified estimation for Cox regression model with nonmonotone missing at random covariates},
journal = {Statistics in Medicine},
volume = {41},
number = {24},
pages = {4781-4790},
year={2022}}

@article{CovariateErrorZucker,
author = {David M Zucker},
title = {A Pseudo–Partial Likelihood Method for Semiparametric Survival Regression With Covariate Errors},
journal = {Journal of the American Statistical Association},
volume = {100},
number = {472},
pages = {1264-1277},
year  = {2005}}

@article{SamiranError,
author = {Sinha, Samiran and Ma, Yanyuan},
title = {Semiparametric analysis of linear transformation models with covariate measurement errors},
journal = {Biometrics},
volume = {70},
number = {1},
pages = {21-32},
year = {2014}
}

@article{ErrorAdditive,
author = {Sun, Liuquan and Zhang, Zhigang and Sun, Jianguo},
title = {Additive hazards regression of failure time data with covariate measurement errors},
journal = {Statistica Neerlandica},
volume = {60},
number = {4},
pages = {497-509},
year = {2006}
}





@article{rubin1974estimating,
  author = {Donald B. Rubin},
  title = {Estimating Causal Effects of Treatments in Randomized and Nonrandomized Studies},
  journal = {Journal of Educational Psychology},
  volume = {66},
  number = {5},
  pages = {688–701},
  year = {1974}
}



@book{van2000targeted,
  author = {Mark J. van der Laan and Sherri Rose},
  title = {Targeted Learning: Causal Inference for Observational and Experimental Data},
  publisher = {Springer},
  year = {2011}
}














@article{besag1974spatial,
  author = {Julian Besag},
  title = {Spatial Interaction and the Statistical Analysis of Lattice Systems},
  journal = {Journal of the Royal Statistical Society. Series B (Methodological)},
  volume = {36},
  number = {2},
  pages = {192–236},
  year = {1974}
}



@article{xie2005adjusted,
  author = {Xie, Jing and Liu, Chunxiao},
  title = {Adjusted Kaplan-Meier estimator and log-rank test with inverse probability of treatment weighting for survival data},
  journal = {Statistics in Medicine},
  volume = {24},
  number = {20},
  pages = {3089-3110},
  year = {2005}
}

@article{sugihara2010survival,
  author = {Sugihara, Mayuko},
  title = {Survival analysis using inverse probability of treatment weighted methods based on the generalized propensity score},
  journal = {Pharmaceutical Statistics},
  volume = {9},
  number = {1},
  pages = {21-34},
  year = {2010}
}

@article{xu2010estimating,
  author = {Xu, Shanshan and Ross, Casey and Raebel, Marsha A and Shetterly, Susan and Blanchette, Christopher and Smith, David},
  title = {Estimating stabilized inverse probability weights for time-varying treatments using the generalized propensity score},
  journal = {Statistics in Medicine},
  volume = {29},
  number = {7-8},
  pages = {780-791},
  year = {2010}
}

@article{cole2004adjusted,
  author = {Cole, Stephen R. and Hernán, Miguel A.},
  title = {Adjusted survival curves with inverse probability weights},
  journal = {Computer Methods and Programs in Biomedicine},
  volume = {75},
  number = {1},
  pages = {45-49},
  year = {2004}
}

@article{austin2010absolute,
  author = {Austin, Peter C.},
  title = {Absolute risk reductions, numbers needed to treat, and confidence intervals from survival analysis methods},
  journal = {Statistics in Medicine},
  volume = {29},
  number = {6},
  pages = {769-778},
  year = {2010}
}

@article{austin2016performance,
  author = {Austin, Peter C. and Schuster, Tobias},
  title = {The performance of different propensity score methods for estimating absolute effects of treatments on survival outcomes},
  journal = {Statistics in Medicine},
  volume = {35},
  number = {11},
  pages = {1657-1673},
  year = {2016}
}

@article{austin2013estimating,
  author = {Austin, Peter C.},
  title = {Estimating the hazard ratio in survival analysis using propensity score methods},
  journal = {Statistics in Medicine},
  volume = {32},
  number = {14},
  pages = {2413-2427},
  year = {2013}
}

@article{austin2015moving,
  author = {Austin, Peter C. and Stuart, Elizabeth A.},
  title = {Moving towards best practice when using inverse probability of treatment weighting (IPTW) using the propensity score to estimate causal treatment effects in observational studies},
  journal = {Statistics in Medicine},
  volume = {34},
  number = {28},
  pages = {3661-3679},
  year = {2015}
}


@article{henderson2017bayesian,
  author = {Henderson, Noah C. and Mallick, Bani K. and Bryant, Rebecca J.},
  title = {Bayesian additive regression trees for survival analysis},
  journal = {Biometrics},
  volume = {73},
  number = {1},
  pages = {184-193},
  year = {2017}
}

@article{tian2014survival,
  author = {Tian, Lu and Zhao, Hongyu and Wei, Lee-Jen},
  title = {A model-free approach to identify risk-modifying variables in randomized clinical trials},
  journal = {Biometrics},
  volume = {70},
  number = {4},
  pages = {854-865},
  year = {2014}
}

@article{shen2018personalized,
  author = {Shen, Changchun and Zhang, Hang and Li, Lifeng},
  title = {Personalized treatment rules for right-censored survival data with a weighted random forest approach},
  journal = {Biometrics},
  volume = {74},
  number = {4},
  pages = {1366-1376},
  year = {2018}
}

@article{hu2021estimating,
  title={Estimating heterogeneous survival treatment effect in observational data using machine learning},
  author={Hu, Liangyuan and Ji, Jiayi and Li, Fan},
  journal={Statistics in Medicine},
  volume={40},
  number={21},
  pages={4691--4713},
  year={2021},
  publisher={Wiley Online Library}
}


@article{li2023bayesian,
  title={Bayesian causal inference: A critical review},
  author={Li, Fan and Ding, Peng and Mealli, Fabrizia},
  journal={Philosophical Transactions of the Royal Society A: Mathematical, Physical and Engineering Sciences},
  volume={381},
  number={2247},
  pages={20220153},
  year={2023},
  publisher={The Royal Society},
  doi={10.1098/rsta.2022.0153}
}
@article{cui2017causal,
  author = {Cui, Zhenyu and Athey, Susan and Wager, Stefan},
  title = {Causal forest for survival data},
  journal = {Proceedings of the 34th International Conference on Machine Learning},
  volume = {70},
  pages = {1142-1150},
  year = {2017}
}

@article{tabib2018splitting,
  author = {Tabib, Sina and Larocque, Denis},
  title = {A new splitting criterion for random survival forests},
  journal = {Statistical Methods in Medical Research},
  volume = {27},
  number = {3},
  pages = {685-698},
  year = {2018}
}


@article{katzman2018deep,
  author = {Katzman, Jared L. and Shaham, Uri and Cloninger, Alexander and Bates, Jonathan and Jiang, Yu and Kluger, Yitzhak},
  title = {DeepSurv: personalized treatment recommender system using a Cox proportional hazards deep neural network},
  journal = {BMC Medical Research Methodology},
  volume = {18},
  pages = {24},
  year = {2018}
}

@article{kvamme2019time,
  author = {Kvamme, Håvard and Borgan, Ørnulf and Scheel, Ida},
  title = {Time-to-event prediction with neural networks and Cox regression},
  journal = {Journal of Machine Learning Research},
  volume = {20},
  number = {1},
  pages = {1-30},
  year = {2019}
}

@article{lee2020causal,
  author = {Lee, Brian and Hill, J. B. and Hendriksen, Arie},
  title = {Deep learning-based survival causal inference: DR-DL and DL-BJ models},
  journal = {Neural Networks},
  volume = {128},
  pages = {19-35},
  year = {2020}
}

@article{wager2018estimation,
  author = {Stefan Wager and Susan Athey},
  title = {Estimation and Inference of Heterogeneous Treatment Effects Using Random Forests},
  journal = {Journal of the American Statistical Association},
  volume = {113},
  number = {523},
  pages = {1228-1242},
  year = {2018}
}

@article{austin2017estimating,
  title={Estimating the effect of treatment on binary outcomes using full matching on the propensity score},
  author={Austin, Peter C. and Stuart, Elizabeth A.},
  journal={Statistical Methods in Medical Research},
  volume={26},
  number={6},
  pages={2505--2525},
  year={2015},
  publisher={SAGE Publications},
  doi={10.1177/0962280215601134}
}


@article{gayat2010propensity,
  title={Propensity scores in intensive care and anaesthesiology literature: a systematic review},
  author={Gayat, Etienne and Pirracchio, Romain and Resche-Rigon, Matthieu and Mebazaa, Alexandre and Mary, Jean-Yves and Porcher, Raphaël},
  journal={Intensive Care Medicine},
  volume={36},
  number={12},
  pages={1993--2003},
  year={2010},
  publisher={Springer},
  doi={10.1007/s00134-010-1991-5}
}



@article{gayat2012propensity,
  title={Propensity score applied to survival data analysis through proportional hazards models: a Monte Carlo study},
  author={Gayat, Etienne and Resche-Rigon, Matthieu and Mary, Jean-Yves and Porcher, Raphaël},
  journal={Pharmaceutical Statistics},
  volume={11},
  number={3},
  pages={222--229},
  year={2012},
  publisher={Wiley Online Library},
  doi={10.1002/pst.529}
}

@article{Lin94,
  title={Cox regression analysis of multivariate failure time data: The marginal approach},
  author={Lin, Danyu Y.},
  journal={Statistics in Medicine},
  volume={13},
  number={21},
  pages={2233--2247},
  year={1994},
  publisher={Wiley Online Library},
  doi={10.1002/sim.4780132105}
}

@article{chipman2022mbart,
  title={mBART: Multidimensional Monotone BART},
  author={Chipman, Hugh A. and George, Edward I. and McCulloch, Robert E. and Shively, Thomas S.},
  journal={Bayesian Analysis},
  volume={17},
  number={2},
  pages={515--544},
  year={2022},
  publisher={International Society for Bayesian Analysis},
  doi={10.1214/21-BA1259}
}



@article{linero2022causal,
  title={The how and why of Bayesian nonparametric causal inference},
  author={Linero, Antonio R. and Antonelli, Joseph L.},
  journal={WIREs Computational Statistics},
  volume={14},
  number={1},
  pages={e1583},
  year={2022},
  publisher={Wiley Online Library},
  doi={10.1002/wics.1583}
}















@book{hernan2020causal,
  title={Causal Inference: What If},
  author={Hern{\'a}n, Miguel A. and Robins, James M.},
  year={2020},
  publisher={Chapman \& Hall/CRC},
  address={Boca Raton}
}

@article{robins2000correcting,
  title={Correcting for non-compliance in randomized trials using structural nested mean models},
  author={Robins, James M.},
  journal={Communications in Statistics-Theory and methods},
  volume={29},
  number={10},
  pages={1845--1883},
  year={2000},
  publisher={Taylor \& Francis}
}

@article{austin2016performance,
  title={The performance of different propensity score methods for estimating differences in proportions (risk differences or absolute risk reductions) in observational studies},
  author={Austin, Peter C.},
  journal={Statistics in medicine},
  volume={35},
  number={13},
  pages={2137--2148},
  year={2016},
  publisher={Wiley Online Library}
}

@article{royston2013restricted,
  title={Restricted mean survival time: an alternative to the hazard ratio for the design and analysis of randomized trials with a time-to-event outcome},
  author={Royston, Patrick and Parmar, Mahesh KB},
  journal={BMC medical research methodology},
  volume={13},
  number={1},
  pages={1--15},
  year={2013},
  publisher={BioMed Central}
}

@article{rubin1980randomization,
  title={Randomization analysis of experimental data: The Fisher randomization test comment},
  author={Rubin, Donald B.},
  journal={Journal of the American Statistical Association},
  volume={75},
  number={371},
  pages={591--593},
  year={1980},
  publisher={Taylor \& Francis}
}

@article{rubin1978bayesian,
  title={Bayesian inference for causal effects: The role of randomization},
  author={Rubin, Donald B.},
  journal={The Annals of statistics},
  volume={6},
  number={1},
  pages={34--58},
  year={1978},
  publisher={Institute of Mathematical Statistics}
}

@article{imbens2004nonparametric,
  title={Nonparametric estimation of average treatment effects under exogeneity: A review},
  author={Imbens, Guido W.},
  journal={Review of Economics and statistics},
  volume={86},
  number={1},
  pages={4--29},
  year={2004},
  publisher={MIT Press}
}

@article{petersen2012diagnosing,
  title={Diagnosing and responding to violations in the positivity assumption},
  author={Petersen, Maya L. and Porter, Kristin E. and Gruber, Susan and Wang, Yue and Van Der Laan, Mark J.},
  journal={Statistical methods in medical research},
  volume={21},
  number={1},
  pages={31--54},
  year={2012},
  publisher={Sage Publications Sage UK: London, England}
}

@book{tsiatis2006semiparametric,
  title={Semiparametric theory and missing data},
  author={Tsiatis, Anastasios A.},
  year={2006},
  publisher={Springer Science \& Business Media}
}

@article{zigler2013model,
  title={Model feedback in {B}ayesian propensity score estimation},
  author={Zigler, Corwin M. and Watts, Krista and Yeh, Robert W. and Wang, Yun and Coull, Brent A. and Dominici, Francesca},
  journal={Biometrics},
  volume={69},
  number={1},
  pages={263--273},
  year={2013},
  publisher={Wiley Online Library}
}

@article{rosenbaum1983central,
  title={The central role of the propensity score in observational studies for causal effects},
  author={Rosenbaum, Paul R. and Rubin, Donald B.},
  journal={Biometrika},
  volume={70},
  number={1},
  pages={41--55},
  year={1983},
  publisher={Oxford University Press}
}

@article{lunceford2004stratification,
  title={Stratification and weighting via the propensity score in estimation of causal treatment effects: a comparative study},
  author={Lunceford, Jared K. and Davidian, Marie},
  journal={Statistics in medicine},
  volume={23},
  number={19},
  pages={2937--2960},
  year={2004},
  publisher={Wiley Online Library}
}

@article{robins2001inference,
  title={Inference for complex sampling designs},
  author={Robins, James M. and Rotnitzky, Andrea and van der Laan, Mark},
  journal={Discussion of "Statistical Inference for Finite-Population Quantum Systems," by D. A. S. Fraser},
  pages={519--523},
  year={2001}
}

@article{bang2005doubly,
  title={Doubly robust estimation in missing data and causal inference models},
  author={Bang, Heejung and Robins, James M.},
  journal={Biometrics},
  volume={61},
  number={4},
  pages={962--973},
  year={2005},
  publisher={Wiley Online Library}
}

@article{Chipman10,
  title={{BART}: Bayesian additive regression trees},
  author={Chipman, Hugh A. and George, Edward I. and McCulloch, Robert E.},
  journal={The Annals of Applied Statistics},
  volume={4},
  number={1},
  pages={266--298},
  year={2010},
  publisher={Institute of Mathematical Statistics}
}

@article{linero2018bayesian,
  title={Bayesian regression trees for high-dimensional prediction and variable selection},
  author={Linero, Antonio R.},
  journal={Journal of the American Statistical Association},
  volume={113},
  number={522},
  pages={626--636},
  year={2018},
  publisher={Taylor \& Francis}
}

@article{hill2011bayesian,
  title={Bayesian nonparametric modeling for causal inference},
  author={Hill, Jennifer L.},
  journal={Journal of Computational and Graphical Statistics},
  volume={20},
  number={1},
  pages={217--240},
  year={2011},
  publisher={Taylor \& Francis}
}

@article{hahn2020bayesian,
  title={Bayesian regression tree models for causal inference: regularization, confounding, and heterogeneous effects},
  author={Hahn, P. Richard and Murray, Jared S. and Carvalho, Carlos M.},
  journal={Bayesian Analysis},
  volume={15},
  number={3},
  pages={965--1056},
  year={2020},
  publisher={International Society for Bayesian Analysis}
}

@article{dorie2019automated,
  title={Automated versus do-it-yourself methods for causal inference: Lessons learned from a data analysis competition},
  author={Dorie, Vincent and Hill, Jennifer and Shalit, Uri and Scott, Marc and Cervone, Dan},
  journal={Statistical Science},
  volume={34},
  number={1},
  pages={43--68},
  year={2019},
  publisher={Institute of Mathematical Statistics}
}

@article{carnegie2019examining,
  title={Examining treatment effect heterogeneity using BART},
  author={Carnegie, Nicole Bohme and Harada, Masataka and Hill, Jennifer L.},
  journal={Observational Studies},
  volume={5},
  pages={20--35},
  year={2019}
}

@article{starling2020bart,
  title={{BART}-BMA: fast {B}ayesian additive regression trees using {B}ayesian model averaging},
  author={Starling, James E. and Murray, Jared S. and Lohr, Patricia A. and Aiken, Abigail R.A. and Carvalho, Carlos M. and Scott, James G.},
  journal={Journal of Computational and Graphical Statistics},
  volume={29},
  number={4},
  pages={885--895},
  year={2020},
  publisher={Taylor \& Francis}
}

@article{linero2022causal,
  title={Causal forests for observational time-to-event data},
  author={Linero, Antonio R. and Sinha, Debajyoti and Lipsitz, Stuart R.},
  journal={Biometrics},
  volume={78},
  number={3},
  pages={1066--1077},
  year={2022},
  publisher={Wiley Online Library}
}

@article{besag1974spatial,
  title={Spatial interaction and the statistical analysis of lattice systems},
  author={Besag, Julian},
  journal={Journal of the Royal Statistical Society: Series B (Methodological)},
  volume={36},
  number={2},
  pages={192--225},
  year={1974},
  publisher={Wiley Online Library}
}

@incollection{banerjee2003hierarchical,
  title={Hierarchical modeling and analysis for spatial data},
  author={Banerjee, Sudipto and Carlin, Bradley P. and Gelfand, Alan E.},
  booktitle={Chapman \& Hall/CRC Monographs on Statistics \& Applied Probability},
  year={2003},
  publisher={Chapman and Hall/CRC}
}

@book{banerjee2014hierarchical,
  title={Hierarchical modeling and analysis for spatial data},
  author={Banerjee, Sudipto and Carlin, Bradley P. and Gelfand, Alan E.},
  year={2014},
  publisher={CRC press},
  edition={2}
}

@book{cressie2015statistics,
  title={Statistics for spatial data},
  author={Cressie, Noel},
  year={2015},
  publisher={John Wiley \& Sons}
}

@article{tanner1987calculation,
  title={The calculation of posterior distributions by data augmentation},
  author={Tanner, Martin A. and Wong, Wing Hung},
  journal={Journal of the American statistical Association},
  volume={82},
  number={398},
  pages={528--540},
  year={1987},
  publisher={Taylor \& Francis}
}

@article{wei1992survival,
  title={Survival analysis with artificial neural networks},
  author={Wei, John T. and Zhang, Zijun and Barnhill, Stephen D. and Madyastha, K. Radha and Zhang, Hong and Oesterling, Joseph E.},
  journal={Clinical Chemistry},
  volume={38},
  number={8},
  pages={1543--1546},
  year={1992},
  publisher={Oxford University Press}
}

@article{gelman2006prior,
  title={Prior distributions for variance parameters in hierarchical models (comment on article by Browne and Draper)},
  author={Gelman, Andrew},
  journal={Bayesian analysis},
  volume={1},
  number={3},
  pages={515--534},
  year={2006},
  publisher={International Society for Bayesian Analysis}
}

@article{gelfand1990sampling,
  title={Sampling-based approaches to calculating marginal densities},
  author={Gelfand, Alan E. and Smith, Adrian F.M.},
  journal={Journal of the American statistical association},
  volume={85},
  number={410},
  pages={398--409},
  year={1990},
  publisher={Taylor \& Francis}
}

@article{chib1995understanding,
  title={Understanding the metropolis-hastings algorithm},
  author={Chib, Siddhartha and Greenberg, Edward},
  journal={The American Statistician},
  volume={49},
  number={4},
  pages={327--335},
  year={1995},
  publisher={Taylor \& Francis}
}

@book{gelfand2010handbook,
  title={Handbook of spatial statistics},
  author={Gelfand, Alan E. and Diggle, Peter and Guttorp, Peter and Fuentes, Montserrat},
  year={2010},
  publisher={CRC press}
}

@article{kang2007demystifying,
  title={Demystifying double robustness: A comparison of alternative strategies for estimating a population mean from incomplete data},
  author={Kang, Joseph D.Y. and Schafer, Joseph L.},
  journal={Statistical science},
  volume={22},
  number={4},
  pages={523--539},
  year={2007},
  publisher={Institute of Mathematical Statistics}
}